@book{paralelizacija,
  title={Paralelizacija genetskih algoritama za rešavanje nekih NP-kompletnih problema},
  author={Jozef J. Kratica},
  year={2009},
}


@misc{miskovic,
	title={Simulirano kaljenje},
	note = {on-line at: \url{http://poincare.matf.bg.ac.rs/~stefan/ri/sa_uflp.pdf}},
	author={Stefan Mišković},
	year={2019}
}

@misc{kaljenje,
	title={Simulated annealing},
	note = {on-line at: \url{https://www.chessprogramming.org/index.php?title=Simulated_Annealing&mobileaction=toggle_view_mobile}},
}

@book{aggarwal,
	title={Data Mining: The Textbook},
	author={C. C. Aggarwal},
    year={2015},
	publisher={Springer International Publishing Switzerland}
}


%@article{bessen2018automation,
%  title={Automation and jobs: When technology boosts employment},
%  author={Bessen, James E},
%  year={2019}
%}
